@article{loveland2001judgments,
  title={Judgments of social appropriateness by children and adolescents with autism},
  author={Loveland, Katherine A and Pearson, Deborah A and Tunali-Kotoski, Belgin and Ortegon, Juliana and Gibbs, M Cullen},
  journal={Journal of Autism and Developmental Disorders},
  volume={31},
  number={4},
  pages={367--376},
  year={2001},
  publisher={Springer}
}

@article{hall1968proxemics,
  title={Proxemics [and comments and replies]},
  author={Hall, Edward T and Birdwhistell, Ray L and Bock, Bernhard and Bohannan, Paul and Diebold Jr, A Richard and Durbin, Marshall and Edmonson, Munro S and Fischer, JL and Hymes, Dell and Kimball, Solon T and others},
  journal={Current anthropology},
  volume={9},
  number={2/3},
  pages={83--108},
  year={1968}
}

@misc{hall1969hidden,
  title={The Hidden Dimension: man's use of space in public andprivate},
  author={Hall, Edward},
  year={1969},
  publisher={London: Bodley Head}
}

@book{kendon1990conducting,
  title={Conducting interaction: Patterns of behavior in focused encounters},
  author={Kendon, Adam},
  volume={7},
  year={1990},
  publisher={CUP Archive}
}

@article{setti2015f,
  title={F-formation detection: Individuating free-standing conversational groups in images},
  author={Setti, Francesco and Russell, Chris and Bassetti, Chiara and Cristani, Marco},
  journal={PloS one},
  volume={10},
  number={5},
  pages={e0123783},
  year={2015},
  publisher={Public Library of Science}
}

@book{forsyth2018group,
  title={Group dynamics},
  author={Forsyth, Donelson R},
  year={2018},
  publisher={Cengage Learning}
}

@incollection{breazeal2016social,
  title={Social robotics},
  author={Breazeal, Cynthia and Dautenhahn, Kerstin and Kanda, Takayuki},
  booktitle={Springer handbook of robotics},
  pages={1935--1972},
  year={2016},
  publisher={Springer}
}

@inproceedings{huttenrauch2006investigating,
  title={Investigating spatial relationships in human-robot interaction},
  author={H{\"u}ttenrauch, Helge and Eklundh, Kerstin Severinson and Green, Anders and Topp, Elin A},
  booktitle={2006 IEEE/RSJ International Conference on Intelligent Robots and Systems},
  pages={5052--5059},
  year={2006},
  organization={IEEE}
}
@article{walters2009empirical,
  title={An empirical framework for human-robot proxemics},
  author={Walters, Michael L and Dautenhahn, Kerstin and Te Boekhorst, Ren{\'e} and Koay, Kheng Lee and Syrdal, Dag Sverre and Nehaniv, Chrystopher L},
  journal={Procs of new frontiers in human-robot interaction},
  year={2009}
}

@inproceedings{koay2007living,
  title={Living with robots: Investigating the habituation effect in participants' preferences during a longitudinal human-robot interaction study},
  author={Koay, Kheng Lee and Syrdal, Dag Sverre and Walters, Michael L and Dautenhahn, Kerstin},
  booktitle={RO-MAN 2007-The 16th IEEE International Symposium on Robot and Human Interactive Communication},
  pages={564--569},
  year={2007},
  organization={IEEE}
}

@article{walters2008avoiding,
  title={Avoiding the uncanny valley: robot appearance, personality and consistency of behavior in an attention-seeking home scenario for a robot companion},
  author={Walters, Michael L and Syrdal, Dag S and Dautenhahn, Kerstin and Te Boekhorst, Ren{\'e} and Koay, Kheng Lee},
  journal={Autonomous Robots},
  volume={24},
  number={2},
  pages={159--178},
  year={2008},
  publisher={Springer}
}

@inproceedings{triebel2016spencer,
  title={Spencer: A socially aware service robot for passenger guidance and help in busy airports},
  author={Triebel, Rudolph and Arras, Kai and Alami, Rachid and Beyer, Lucas and Breuers, Stefan and Chatila, Raja and Chetouani, Mohamed and Cremers, Daniel and Evers, Vanessa and Fiore, Michelangelo and others},
  booktitle={Field and service robotics},
  pages={607--622},
  year={2016},
  organization={Springer}
}

@inproceedings{walters2007robotic,
  title={Robotic etiquette: results from user studies involving a fetch and carry task},
  author={Walters, Michael L and Dautenhahn, Kerstin and Woods, Sarah N and Koay, Kheng Lee},
  booktitle={2007 2nd ACM/IEEE International Conference on Human-Robot Interaction (HRI)},
  pages={317--324},
  year={2007},
  organization={IEEE}
}

@inproceedings{gao2019learning,
  title={Learning Socially Appropriate Robot Approaching Behavior Toward Groups using Deep Reinforcement Learning},
  author={Gao, Yuan and Yang, Fangkai and Frisk, Martin and Hemandez, Daniel and Peters, Christopher and Castellano, Ginevra},
  booktitle={2019 28th IEEE International Conference on Robot and Human Interactive Communication (RO-MAN)},
  pages={1--8},
  year={2019},
  organization={IEEE}
}

@inproceedings{michalowski2006spatial,
  title={A spatial model of engagement for a social robot},
  author={Michalowski, Marek P and Sabanovic, Selma and Simmons, Reid},
  booktitle={9th IEEE International Workshop on Advanced Motion Control, 2006.},
  pages={762--767},
  year={2006},
  organization={IEEE}
}

@article{go,
  title={Mastering the game of go without human knowledge},
  author={Silver, David and Schrittwieser, Julian and Simonyan, Karen and Antonoglou, Ioannis and Huang, Aja and Guez, Arthur and Hubert, Thomas and Baker, Lucas and Lai, Matthew and Bolton, Adrian and others},
  journal={Nature},
  volume={550},
  number={7676},
  pages={354--359},
  year={2017},
  publisher={Nature Publishing Group}
}

@article{derma,
  title={Dermatologist-level classification of skin cancer with deep neural networks},
  author={Esteva, Andre and Kuprel, Brett and Novoa, Roberto A and Ko, Justin and Swetter, Susan M and Blau, Helen M and Thrun, Sebastian},
  journal={Nature},
  volume={542},
  number={7639},
  pages={115--118},
  year={2017},
  publisher={Nature Publishing Group}
}

@book{Goodfellow-et-al-2016,
    title={Deep Learning},
    author={Ian Goodfellow and Yoshua Bengio and Aaron Courville},
    publisher={MIT Press},
    note={\url{http://www.deeplearningbook.org}},
    year={2016}
}

@article{rumelhart1986learning,
  title={Learning representations by back-propagating errors},
  author={Rumelhart, David E and Hinton, Geoffrey E and Williams, Ronald J},
  journal={nature},
  volume={323},
  number={6088},
  pages={533--536},
  year={1986},
  publisher={Nature Publishing Group}
}

@book{haykin1994neural,
  title={Neural networks: a comprehensive foundation},
  author={Haykin, Simon},
  year={1994},
  publisher={Prentice Hall PTR}
}v

@article{mackay1992practical,
  title={A practical Bayesian framework for backpropagation networks},
  author={MacKay, David JC},
  journal={Neural computation},
  volume={4},
  number={3},
  pages={448--472},
  year={1992},
  publisher={MIT Press}
}

@book{neal2012bayesian,
  title={Bayesian learning for neural networks},
  author={Neal, Radford M},
  volume={118},
  year={2012},
  publisher={Springer Science \& Business Media}
}

@inproceedings{graves2011practical,
  title={Practical variational inference for neural networks},
  author={Graves, Alex},
  booktitle={Advances in neural information processing systems},
  pages={2348--2356},
  year={2011}
}

@inproceedings{gal2016dropout,
  title={Dropout as a bayesian approximation: Representing model uncertainty in deep learning},
  author={Gal, Yarin and Ghahramani, Zoubin},
  booktitle={international conference on machine learning},
  pages={1050--1059},
  year={2016}
}

@article{hernandez2016black,
  title={Black-box $\alpha$-divergence minimization},
  author={Hern{\'a}ndez-Lobato, Jos{\'e} Miguel and Li, Yingzhen and Rowland, Mark and Hern{\'a}ndez-Lobato, Daniel and Bui, Thang and Turner, Richard},
  year={2016},
  publisher={International Machine Learning Society}
}

@article{hastings1970monte,
  title={Monte Carlo sampling methods using Markov chains and their applications},
  author={Hastings, W Keith},
  year={1970},
  publisher={Oxford University Press}
}

@article{blundell2015weight,
  title={Weight uncertainty in neural networks},
  author={Blundell, Charles and Cornebise, Julien and Kavukcuoglu, Koray and Wierstra, Daan},
  journal={arXiv preprint arXiv:1505.05424},
  year={2015}
}

@article{kullback1951information,
  title={On information and sufficiency},
  author={Kullback, Solomon and Leibler, Richard A},
  journal={The annals of mathematical statistics},
  volume={22},
  number={1},
  pages={79--86},
  year={1951},
  publisher={JSTOR}
}

@incollection{neal1998view,
  title={A view of the EM algorithm that justifies incremental, sparse, and other variants},
  author={Neal, Radford M and Hinton, Geoffrey E},
  booktitle={Learning in graphical models},
  pages={355--368},
  year={1998},
  publisher={Springer}
}

@article{saul1996mean,
  title={Mean field theory for sigmoid belief networks},
  author={Saul, Lawrence K and Jaakkola, Tommi and Jordan, Michael I},
  journal={Journal of artificial intelligence research},
  volume={4},
  pages={61--76},
  year={1996}
}

@article{opper2009variational,
  title={The variational Gaussian approximation revisited},
  author={Opper, Manfred and Archambeau, C{\'e}dric},
  journal={Neural computation},
  volume={21},
  number={3},
  pages={786--792},
  year={2009},
  publisher={MIT Press}
}

@article{kingma2013auto,
  title={Auto-encoding variational bayes},
  author={Kingma, Diederik P and Welling, Max},
  journal={arXiv preprint arXiv:1312.6114},
  year={2013}
}

@article{rezende2014stochastic,
  title={Stochastic backpropagation and approximate inference in deep generative models},
  author={Rezende, Danilo Jimenez and Mohamed, Shakir and Wierstra, Daan},
  journal={arXiv preprint arXiv:1401.4082},
  year={2014}
}

@article{gal2016uncertainty,
  title={Uncertainty in deep learning},
  author={Gal, Yarin},
  journal={University of Cambridge},
  volume={1},
  pages={3},
  year={2016}
}

@inproceedings{nix1994estimating,
  title={Estimating the mean and variance of the target probability distribution},
  author={Nix, David A and Weigend, Andreas S},
  booktitle={Proceedings of 1994 ieee international conference on neural networks (ICNN'94)},
  volume={1},
  pages={55--60},
  year={1994},
  organization={IEEE}
}

@inproceedings{le2005heteroscedastic,
  title={Heteroscedastic Gaussian process regression},
  author={Le, Quoc V and Smola, Alex J and Canu, St{\'e}phane},
  booktitle={Proceedings of the 22nd international conference on Machine learning},
  pages={489--496},
  year={2005}
}

@article{der2009aleatory,
  title={Aleatory or epistemic? Does it matter?},
  author={Der Kiureghian, Armen and Ditlevsen, Ove},
  journal={Structural safety},
  volume={31},
  number={2},
  pages={105--112},
  year={2009},
  publisher={Elsevier}
}

@inproceedings{kendall2017uncertainties,
  title={What uncertainties do we need in bayesian deep learning for computer vision?},
  author={Kendall, Alex and Gal, Yarin},
  booktitle={Advances in neural information processing systems},
  pages={5574--5584},
  year={2017}
}


@article{thrun1995lifelong,
  title={Lifelong robot learning},
  author={Thrun, Sebastian and Mitchell, Tom M},
  journal={Robotics and autonomous systems},
  volume={15},
  number={1-2},
  pages={25--46},
  year={1995},
  publisher={Elsevier}
}

@phdthesis{ring1994continual,
  title={Continual learning in reinforcement environments},
  author={Ring, Mark Bishop},
  year={1994},
  school={University of Texas at Austin Austin, Texas 78712}
}

@article{lesort2020continual,
  title={Continual learning for robotics: Definition, framework, learning strategies, opportunities and challenges},
  author={Lesort, Timoth{\'e}e and Lomonaco, Vincenzo and Stoian, Andrei and Maltoni, Davide and Filliat, David and D{\'\i}az-Rodr{\'\i}guez, Natalia},
  journal={Information Fusion},
  volume={58},
  pages={52--68},
  year={2020},
  publisher={Elsevier}
}

@inproceedings{gepperth2016incremental,
  title={Incremental learning algorithms and applications},
  author={Gepperth, Alexander and Hammer, Barbara},
  year={2016}
}

@article{chen2016lifelong,
  title={Lifelong machine learning},
  author={Chen, Zhiyuan and Liu, Bing},
  journal={Synthesis Lectures on Artificial Intelligence and Machine Learning},
  volume={10},
  number={3},
  pages={1--145},
  year={2016},
  publisher={Morgan \& Claypool Publishers}
}

@inproceedings{carlson2010toward,
  title={Toward an architecture for never-ending language learning},
  author={Carlson, Andrew and Betteridge, Justin and Kisiel, Bryan and Settles, Burr and Hruschka, Estevam R and Mitchell, Tom M},
  booktitle={Twenty-Fourth AAAI Conference on Artificial Intelligence},
  year={2010}
}

@article{french1999catastrophic,
  title={Catastrophic forgetting in connectionist networks},
  author={French, Robert M},
  journal={Trends in cognitive sciences},
  volume={3},
  number={4},
  pages={128--135},
  year={1999},
  publisher={Elsevier}
}

@incollection{mccloskey1989catastrophic,
  title={Catastrophic interference in connectionist networks: The sequential learning problem},
  author={McCloskey, Michael and Cohen, Neal J},
  booktitle={Psychology of learning and motivation},
  volume={24},
  pages={109--165},
  year={1989},
  publisher={Elsevier}
}

@article{ebrahimi2019uncertainty,
  title={Uncertainty-guided continual learning with bayesian neural networks},
  author={Ebrahimi, Sayna and Elhoseiny, Mohamed and Darrell, Trevor and Rohrbach, Marcus},
  journal={arXiv preprint arXiv:1906.02425},
  year={2019}
}

@article{rusu2016progressive,
  title={Progressive neural networks},
  author={Rusu, Andrei A and Rabinowitz, Neil C and Desjardins, Guillaume and Soyer, Hubert and Kirkpatrick, James and Kavukcuoglu, Koray and Pascanu, Razvan and Hadsell, Raia},
  journal={arXiv preprint arXiv:1606.04671},
  year={2016}
}
@inproceedings{mallya2018packnet,
  title={Packnet: Adding multiple tasks to a single network by iterative pruning},
  author={Mallya, Arun and Lazebnik, Svetlana},
  booktitle={Proceedings of the IEEE Conference on Computer Vision and Pattern Recognition},
  pages={7765--7773},
  year={2018}
}

@article{furlanello2016active,
  title={Active long term memory networks},
  author={Furlanello, Tommaso and Zhao, Jiaping and Saxe, Andrew M and Itti, Laurent and Tjan, Bosco S},
  journal={arXiv preprint arXiv:1606.02355},
  year={2016}
}

@inproceedings{chen2017socially,
  title={Socially aware motion planning with deep reinforcement learning},
  author={Chen, Yu Fan and Everett, Michael and Liu, Miao and How, Jonathan P},
  booktitle={2017 IEEE/RSJ International Conference on Intelligent Robots and Systems (IROS)},
  pages={1343--1350},
  year={2017},
  organization={IEEE}
}

@online{pepper,
    author = "Softbank Robotics",
    title = "Pepper Robot",
    url  = "https://www.ald.softbankrobotics.com/en",
    addendum = "(accessed: 28.05.2020)",
}

@inproceedings{ferrer2013robot,
  title={Robot companion: A social-force based approach with human awareness-navigation in crowded environments},
  author={Ferrer, Gonzalo and Garrell, Anais and Sanfeliu, Alberto},
  booktitle={2013 IEEE/RSJ International Conference on Intelligent Robots and Systems},
  pages={1688--1694},
  year={2013},
  organization={IEEE}
}

@article{dey2001understanding,
  title={Understanding and using context},
  author={Dey, Anind K},
  journal={Personal and ubiquitous computing},
  volume={5},
  number={1},
  pages={4--7},
  year={2001},
  publisher={Springer}
}

@inproceedings{mastrogiovanni2009context,
  title={Context assessment strategies for ubiquitous robots},
  author={Mastrogiovanni, Fulvio and Sgorbissa, Antonio and Zaccaria, Renato},
  booktitle={2009 IEEE International Conference on Robotics and Automation},
  pages={2717--2722},
  year={2009},
  organization={IEEE}
}

@book{larochelle2011establishing,
  title={Establishing human situation awareness using a multi-modal operator control unit in an urban search \& rescue human-robot team},
  author={Larochelle, Benoit and Kruijff, Geert-Jan M and Smets, Nanja and Mioch, Tina and Groenewegen, Peter},
  year={2011},
  publisher={IEEE}
}

@article{celikkanat2015learning,
  title={Learning context on a humanoid robot using incremental latent dirichlet allocation},
  author={Celikkanat, Hande and Orhan, G{\"u}ner and Pugeault, Nicolas and Guerin, Frank and {\c{S}}ahin, Erol and Kalkan, Sinan},
  journal={IEEE Transactions on Cognitive and Developmental Systems},
  volume={8},
  number={1},
  pages={42--59},
  year={2015},
  publisher={IEEE}
}

@inproceedings{rosenthal2020context,
  title={Context Matters! Identifying Social Context Factors and Assessing Their Relevance for a Socially Assistive Robot},
  author={Rosenthal-von der P{\"u}tten, Astrid Marieke and Lugrin, Birgit and Steinhaeusser, Sophia C and Klass, Lina},
  booktitle={Companion of the 2020 ACM/IEEE International Conference on Human-Robot Interaction},
  pages={409--411},
  year={2020}
}

@article{kwon2018uncertainty,
  title={Uncertainty quantification using bayesian neural networks in classification: Application to ischemic stroke lesion segmentation},
  author={Kwon, Yongchan and Won, Joong-Ho and Kim, Beom Joon and Paik, Myunghee Cho},
  year={2018}
}

@article{shridhar2018uncertainty,
  title={Uncertainty estimations by softplus normalization in bayesian convolutional neural networks with variational inference},
  author={Shridhar, Kumar and Laumann, Felix and Liwicki, Marcus},
  journal={arXiv preprint arXiv:1806.05978},
  year={2018}
}

@article{kirkpatrick2017overcoming,
  title={Overcoming catastrophic forgetting in neural networks},
  author={Kirkpatrick, James and Pascanu, Razvan and Rabinowitz, Neil and Veness, Joel and Desjardins, Guillaume and Rusu, Andrei A and Milan, Kieran and Quan, John and Ramalho, Tiago and Grabska-Barwinska, Agnieszka and others},
  journal={Proceedings of the national academy of sciences},
  volume={114},
  number={13},
  pages={3521--3526},
  year={2017},
  publisher={National Acad Sciences}
}

@online{unity,
    author = "Unity Technologies",
    title = "Unity3D",
    url  = "https://unity.com",
    addendum = "(accessed: 29.05.2020)",
}

@online{apartment,
    author = "Craft Studios",
    title = "Modern apartment",
    url  = "https://assetstore.unity.com/packages/3d/environments/modern-apartment-123668",
    addendum = "(accessed: 29.05.2020)",
}

@online{avatar,
    author = "Adobe",
    title = "Mixamo",
    url  = "https://www.mixamo.com/#/",
    addendum = "(accessed: 29.05.2020)",
}